@Article{Art1,
	title = {Thermal Expansion},
	note = {\\\texttt{https://en.wikipedia.org/wiki/Thermal_expansion}},
	langid = {english}
}

@Article{Art2,
	title = {GPenSim Manual},
	note = {\\\texttt{http://www.davidrajuh.net/gpensim/GPenSIM_v9.pdf}},
	langid = {english}
}

@Article{Art3,
	title = {Petri-Nets},
	note = {\\\texttt{https://en.wikipedia.org/wiki/Petri_net}},
	langid = {english}
}

@Article{Art4,
	title = {Coloured Petri-Nets},
	note = {\\\texttt{https://en.wikipedia.org/wiki/Coloured_Petri_net}},
	langid = {english}
}

@Article{Art5,
	title = {Thermodynamics},
	note = {\\\texttt{https://en.wikipedia.org/wiki/Thermodynamics}},
	langid = {english}
}

@Article{Art6,
	title = {Rozszerzalnosc cieplna},
	note = {\\\texttt{https://pl.wikipedia.org/wiki/Rozszerzalno%C5%9B%C4%87_cieplna}},
	langid = {polish}
}

@Article{Art7,
	title = {Temperaturowy wspolczynnik rezystancji},
	note = {\\\texttt{https://pl.wikipedia.org/wiki/Temperaturowy_wsp%C3%B3%C5%82czynnik_rezystancji}},
	langid = {polish}
}

@Article{Art8,
	title = {Electric power transmission},
	note = {\\\texttt{https://en.wikipedia.org/wiki/Electric_power_transmission}},
	langid = {english}
}


